@book {vniciso,
   title={Ciso visual networking index: Forecast and methodology 2016-2021},
   author={VNI Ciso},
   volume={2017},
   year = {2017}
}

@article{edgecomputing,
  title={Understanding Performance of Edge Content Caching for Mobile Video Streaming},
  author={Ma, Ge and Wang, Zhi and Zhang, Miao and Ye, Jiahui and Chen, Minghua and Zhu, Wenwu},
  journal={IEEE Journal on Selected Areas in Communications},
  volume={35},
  number={5},
  pages={1076-1089},
  year={2017},
}

@inproceedings{Chen2015Thunder,
  title={Thunder crystal:a novel crowdsourcing-based content distribution platform},
  author={Chen, Liang and Zhou, Yipeng and Jing, Mi and Ma, Richard T. B.},
  pages={43-48},
  year={2015},
}

@inproceedings{Valancius2009Greening,
  title={Greening the internet with nano data centers},
  author={Valancius, Vytautas and Laoutaris, Nikolaos and Diot, Christophe and Rodriguez, Pablo},
  booktitle={ACM Conference on Emerging NETWORKING Experiments and Technology, CONEXT 2009, Rome, Italy, December},
  pages={37-48},
  year={2009},
}

@article{Laoutaris2008ECHOS,
  title={ECHOS:edge capacity hosting overlays of nano data centers},
  author={Laoutaris, Nikolaos and Rodriguez, Pablo and Massoulie, Laurent},
  journal={Acm Sigcomm Computer Communication Review},
  volume={38},
  number={1},
  pages={51-54},
  year={2008},
}
@article{Chen2017Migrating,
  title={Migrating big video data to cloud: a peer-assisted approach for VoD},
  author={Chen, Fei and Li, Haitao and Liu, Jiangchuan and Li, Bo and Xu, Ke and Hu, Yuemin},
  journal={Peer-to-Peer Networking and Applications},
  number={5},
  pages={1-15},
  year={2017},
}
@inproceedings{Huang2007Can,
  title={Can internet video-on-demand be profitable?},
  author={Huang, Cheng and Li, Jin and Ross, Keith W.},
  booktitle={Conference on Applications, Technologies, Architectures, and Protocols for Computer Communications},
  pages={133-144},
  year={2007},
}

@article{Ma2016Understanding,
  title={Understanding content placement strategies in smartrouter-based peer video CDN},
  author={Ma, Ming and Wang, Zhi and Su, Ke and Sun, Lifeng},
  pages={1-6},
  year={2016},
}
@article{Cheng2014RFC,
  title={RFC 7413 - TCP Fast Open},
  author={Cheng, Yuchung and Chu, Jerry and Radhakrishnan, Sivasankar and Jain, Arvind},
  year={2014},
}
@article{Bille2016RTCSS,
  title={RTCSS:a framework for developing real-time peer-to-peer web applications},
  author={Bille, Ross J. and Lin, Yuqing and Chalup, Stephan K.},
  pages={1-10},
  year={2016},
}
@inproceedings{Li2011Measuring,
  title={Measuring and enhancing the social connectivity of UGC video systems:a case study of YouKu},
  author={Li, Zhenyu and Gu, Rong and Xie, Gaogang},
  booktitle={IEEE  International Workshop on Quality of Service},
  pages={1-9},
  year={2011},
}
@article{Dhungel2011Measurement,
  title={Measurement Study of Xunlei: Extended Version},
  author={Dhungel, Prithula and Ross, Keith W and Steiner, Moritz and Tian, Ye and Hei, Xiaojun},
  year={2011},
}
@inproceedings{Dhungel2012Xunlei,
  title={Xunlei: Peer-Assisted Download Acceleration on a Massive Scale},
  author={Dhungel, Prithula and Ross, Keith W. and Steiner, Moritz and Tian, Ye and Hei, Xiaojun},
  booktitle={International Conference on Passive and Active Measurement},
  pages={231-241},
  year={2012},
}

@article{Cha2009Analyzing,
  title={Analyzing the video popularity characteristics of large-scale user generated content systems},
  author={Cha, Meeyoung and Kwak, Haewoon and Rodriguez, Pablo and Ahn, Yong Yeol and Moon, Sue},
  journal={IEEE/ACM Transactions on Networking},
  volume={17},
  number={5},
  pages={1357-1370},
  year={2009},
}
